@manual{anleitung,
  author = "TU Dortmund",
  title = "Verdampfungswärme und Dampfdruck-Kurve",
  year = 2015,
  URL = "http://129.217.224.2/HOMEPAGE/PHYSIKER/BACHELOR/AP/SKRIPT/V203.pdf",
}

@online{gaskonstante,
  title = "allgemeine Gaskonstante",
  publisher = "Spektrum Akademischer Verlag",
  year = 1998,
  URL = "http://www.spektrum.de/lexikon/physik/allgemeine-gaskonstante/382",
}

@online{avogadro,
  title = "Avogadro-Konstante",
  publisher = "Spektrum Akademischer Verlag",
  year = 1998,
  URL = "http://www.spektrum.de/lexikon/physik/avogadro-konstante/1099",
}

@online{stoffwerte,
  title = "Stoffwerte - Flüssigkeiten",
  publisher = "Uni Magdeburg",
  URL = "http://www.uni-magdeburg.de/isut/LSS/Lehre/Arbeitsheft/IV.pdf",
}

@online{verdampfungswärme,
  title = "Verdampfungswärme Literaturwert",
  publisher = "The Physics Hypertextbook",
  year = 2015,
  URL = "physics.info/heat-latent/",
}
